@book{alice,
    title={Alice's Adventures in Wonderland},
    author={Lewis Carroll},
    year={1865},
    publisher={Macmillan},
}
@book{lookingglass,
    title={Through the Looking-Glass, and What Alice Found There },
    author={Lewis Carroll},
    year={1871},
    publisher={Macmillan},
} 